%% References

% Multimedia
@misc{rocha2003,
    author    = {Gregorio Rocha},
    year      = {2003},
    title     = {Los rollos perdidos de Pancho Villa},
    type      = {Documentary},
    note      = {MÃ©xico. Video. Color. 49:20 min.}
}


% Books
@book{worthington2010,
    author    = {Patricia Haeslz Worthington},
    title     = {El Paso and the Mexican Revolution},
    year      = {2010},
    publisher = {Arcadia Publishing}
}